@manual{skript,
  author = {Technische Universität Dortmund},
  title = {Versuchsanleitung V27 Zeeman-Effekt},
}

@manual{demtröder,
  author = {H. Haken und H.C. Wolf},
  title = {Experimentalphysik 3, Atome, Moleküle und Festkörper},
}
