@manual{skript,
  author = {TU Dortmund},
  title = {Versuchsanleitung Versuch V53: Mikrowellen auf Hohlleiter}
}
@online{Kly,
  title="Mikrowellen",
  url="http://cfn.physik.uni-saarland.de/Dokumente/Manuals/Mikrowellen.pdf",
  urldate="2019-06-03"
}

@manual{anleitung,
  author = {PHILIPS},
  title = {Experimente mit Mikrowellen 1}
}
