@manual{skript,
  author = {TU Dortmund},
  title = {Versuchsanleitung zu Versuch 504: Thermische ELektronenemission.}
}
@online{q1,
  url = {http://www.chemie.de/lexikon/Elementarladung.html},
  title = {Elemantarladung},
  date = {2018-04-29}
}
@online{q2,
  url = {https://physik.cosmos-indirekt.de/Physik-Schule/Boltzmann-Konstante},
  title = {Boltzmann-Konstante},
  date = {2018-04-29}
}
@online{q3,
  url = {http://www.chemie.de/lexikon/Elektron.html},
  title = {Elektron},
  date = {2018-04-30}
}
@online{q4,
  url = {http://www.chemie.de/lexikon/Plancksches_Wirkungsquantum.html},
  title = {Plancksches Wirkungsquantum},
  date = {2018-04-30}
}
@online{q5,
  url = {https://www.spektrum.de/lexikon/physik/austrittsarbeit/1067},
  title = {Austrittsarbeit},
  date = {2018-04-30}
}


https://www.spektrum.de/lexikon/physik/austrittsarbeit/1067
