@manual{skript,
  author = {TU Dortmund},
  title = {Versuchsanleitung zu US2: Scanverfahren in der Ultraschalltechnik},
}

@online{olympus,
  title={Schallgeschwindigkeit Acryl},
  url={https://www.olympus-ims.com/de/ndt-tutorials/thickness-gage/appendices-velocities/},
}

@online{halle,
  title={Schallgeschwindigkeit von Luft, Wasser, Blut und Knochen},
  url={https://sundoc.bibliothek.uni-halle.de/diss-online/01/01H139/t4.pdf},
}
