@manual{skript,
  author = {TU Dortmund},
  title = {Versuchsanleitung zu V US1: Grundlagen der Ultraschalltechnik},
}

@online{olympus,
  title={Schallgeschwindigkeit Acryl},
  url={https://www.olympus-ims.com/de/ndt-tutorials/thickness-gage/appendices-velocities/},
}

@online{halle,
  title={Schallgeschwindigkeit von Luft, Wasser, Blut und Knochen},
  url={https://sundoc.bibliothek.uni-halle.de/diss-online/01/01H139/t4.pdf},
}

@online{impedanz,
  title={Akustische Impedanz von Luft, Wasser, Blut und Knochen},
  url={http://www.uniklinik-duesseldorf.de/fileadmin/Datenpool/einrichtungen/klinik_und_poliklinik_fuer_strahlentherapie_und_radioonkologie_id30/dateien/ultraschall_eine_einfuhrung.pdf},
}

@online{imp,
  title={Akustische Impedanz Acryl},
  url={http://www.karldeutsch.de/KD_GENERAL_Tabelle_AcMatSpec_DE_M1.html},
}
