
@manual{halbleiter,
  title = {Grundlagen der Dotierung: n- und p-Halbleiter},
  url = {https://www.halbleiter.org/grundlagen/dotieren/},
  urldate={2019-12-03}
}

@book{Heintze,
 title={Lehrbuch zur Experimentalphysik Band 4},
 author={J. Heintze, P. Bock}
}

@manual{skript2,
  author = {TU Dortmund},
  title = {Versuchsanleitung zum Versuch 308: Spulen und Magnetfelder},

}

@online{online1,
  title="Optical constants of GaAs (Gallium arsenide)
",
  url="https://refractiveindex.info/?shelf=main&book=GaAs&page=Skauli
",
  urldate="2019-12-04"
}
@online{online2,
  title="Effective mass in semiconductors
",
  url="https://ecee.colorado.edu/~bart/book/effmass.htm
",
  urldate="2019-12-04"
}

@online{pdg,
  journaltitle = "Physical Review D",
  date = "2018-08-17",
  volume = "98",
  misc = "030001",
  page= "254",
  publisher = "Particle Data Group",
  author = "M. Tanabashi et al.",
  doi = "10.1103/PhysRevD.98.030001",
  url = "https://journals.aps.org/prd/pdf/10.1103/PhysRevD.98.030001",
}
