@manual{skript,
  author = {TU Dortmund},
  title = {Versuchsanleitung V18 Hochreine Germaniumdetektoren in der Gammaspektronomie},
  year = 2014
}
@online{lara,
  url = {http://www.nucleide.org/Laraweb/index.php},
  title = {Laboratoire National Henri Becquerel},
  date = {2019-04-08}
}
%http://www.nucleide.org/Laraweb/index.php
@online{Springer3,
    title = {Teilchendetektoren, Kolanoski, Wermes},
    date={2019-04-11},
    url = "https://link.springer.com/content/pdf/10.1007%2F978-3-662-45350-6.pdf"
}

@online{Gilmore2,
        title = {Gilmore, Gamma-ray Spectrometry},
        date={2019-04-11},
        url = "https://onlinelibrary.wiley.com/doi/pdf/10.1002/9780470861981.ch2"
}

@online{Karlsruhe,
        title = {Wechselwirkung von Photonen in Materie},
        date={2019-04-12},
        url = "http://www-ekp.physik.uni-karlsruhe.de/~jwagner/WS0809/Vorlesung/tp_detektoren_02.pdf"
}
