@manual{skript,
  author = {TU Dortmund},
  title = {Versuchsanleitung V44 Röntgenreflektometrie},
  year = 2014
}

@online{XSR,
author={IKZ-Berlin},
title={Röntgen-Reflektometrie},
url={http://lehre.ikz-berlin.de/physhu/scripte/roentgen/Vorlesung08_Roentgenreflektometrie_presentation.pdf},
}

@online{aufbau,
author={WMtech Kompetenzzentrum für Werkstoffe der Mikrotechnik},
url={http://www.wmtech.de/html/ausstattung/pdf/Roentgendiffraktometer.PDF},
}
