@manual{sample,
  author = {TU Dortmund},
  title = {Versuch zum Literaturverzeichnis},
  year = 2014
}
@online{online1,
  title="Broadband Polarizing Cube Beamsplitters
",
  url="https://www.newport.com/f/broadband-polarizing-cube-beamsplitters",
  urldate="2019-11-19"
}
