<<<<<<< HEAD
@manual{sample,
  author = {TU Dortmund},
  title = {Versuch zum Literaturverzeichnis},
  year = 2014
}

@manual{skript,
author = {TU Dormund},
title = {Versuchsanleitung zum Versuch 353: Das Relaxationsverhalten eines RC-Kreises},
}
||||||| merged common ancestors
=======
@manual{sample,
  author = {TU Dortmund},
  title = {Versuch zum Literaturverzeichnis},
  year = 2014
}
>>>>>>> Ein wenig Zeug :)
