@manual{skript,
  author = {TU Dortmund},
  title = {Versuchsanleitung zu Versuch 702: Aktivierung mit Neutronen.}
}

@online{silber,
title={Theoriewerte der Halbwertszeiten für Ag},
url={https://www.internetchemie.info/chemische-elemente/silber-isotope.php},
}

@online{indium,
title={Theoriewerte der Halbwertszeit für In},
url={https://chemglobe.org/ptoe/_/49_de.php},
}
