@manual{skript,
  author = {TU Dortmund},
  title = {Versuchsanleitung zu Versuch 206, Die WÃ¤rmepumpe},
  
}
