
@manual{skript,
  author = {TU Dortmund},
  title = {Versuchsanleitung zum Versuch 47: Temperaturabhängigkeit der Molwärme von Festkörpern},

}
@book{fkp,
  title = "Festkörperphyik",
  author = "Rudolf Gross, Achim Marx",
  edition = "2",
  year = "2014",
  publisher = "Walter de Gruyter GmbH, Berlin/Boston",

}
