@manual{sample,
  author = {TU Dortmund},
  title = {Versuch zum Literaturverzeichnis},
  year = 2014
}

%https://seos-project.eu/laser-rs/laser-rs-c02-p05.de.html
@online{seos,
  title="Wechselwirkung eines Photons mit zwei Energieniveaus",
  url="https://seos-project.eu/laser-rs/laser-rs-c02-p05.de.html",
  urldate="2019-05-22"
}

%https://link.springer.com/content/pdf/10.1007%2F978-3-642-21306-9_5.pdf
@online{springer,
  title="Laserspektroskopie 1",
  url="https://link.springer.com/content/pdf/10.1007%2F978-3-642-21306-9_5.pdf",
  urldate="2019-05-22"
}
%https://link.springer.com/content/pdf/10.1007%2F978-3-642-41438-1_4.pdf

@online{springer2,
  title="Laser (Bauformen, Strahlf√ºhrung, Anwendungen)",
  url="https://link.springer.com/content/pdf/10.1007%2F978-3-642-41438-1_4.pdf",
  urldate="2019-05-22"
}

@manual{Laser,
  author = {Gao Wei},
  title = {Konstruktion einesHochaperturscanners},
  year = 2012,
  url="https://monami.hs-mittweida.de/frontdoor/deliver/index/docId/2695/file/Bachelorarbeit.pdf",
}
