@manual{sample,
  author = {TU Dortmund},
  title = {Versuch zum Literaturverzeichnis},
  year = 2014
}
@manual{skript,
author = {TU Dormund},
title = {Versuchsanleitung zum Versuch 354: Ged√§mpfte und erzwungene Schwingungen},
}
@manual{skript2,
author = {TU Dormund},
title = {Versuchsanleitung zum Versuch 353: Relaxationsverhalten eines RC-Kreises},
}
