@manual{skript,
  author = {TU Dortmund},
  title = {Versuchsanleitung zu Versuchs 703: Das Geiger-Müller-Zählrohr},
}
