@manual{skript1,
  author = {TU Dortmund},
  title = {Versuchsanleitung zu Versuch 501: Das Michelson-Interferometer},
}
@manual{skript2,
  author = {TU Dortmund},
  title = {Versuchsanleitung zu Versuch 502: Das Michelson-Interferometer},
}
