@manual{sample,
  author = {TU Dortmund},
  title = {Versuchsanleitung zum Versuch 302: Elektrische Br√ºckenschaltung},

}
