@manual{skript,
  author = {TU Dortmund},
  title = {Versuchsanleitung zu Versuch V701, Reichweite von Î±-Strahlung},
}
