@manual{skript,
  author = {TU Dortmund},
  title = {Versuchsanleitung zu Versuch 601: Der Franck-Hertz-Versuch.}
}
