@manual{skript,
  author = {TU Dortmund},
  title = {Versuchsanleitung zu Versuch V402, Dispersionsmessung am Glasprisma},
}
@online{Abbe,
  title={Optical Glass Properties},
  url={https://www.physics.ohio-state.edu/~dws/class/8820.uf/schott/optic_catalog.pdf},
}
