<<<<<<< 748b67fd60b26d45750e10209255345ebe612814
@manual{sample,
  author = {TU Dortmund},
  title = {Versuch zum Literaturverzeichnis},
  year = 2014
}
||||||| merged common ancestors
@manual{sample,
  author = {TU Dortmund},
  title = {Versuch zum Literaturverzeichnis},
  year = 2014
}
=======
@manual{skript,
  author = {TU Dortmund},
  title = {Versuchsanleitung zu Versuch 401: Das Michelson-Interferometer},
}
>>>>>>> michelson
