@manual{skript,
  author = {TU Dortmund},
  title = {Versuchsanleitung V48 Dipolrelaxation in Ionenkristallen}
}
@article{literaturwert,
author = "R. Muccillo, J. Rolfe",
title = "\emph{Effect of Irradiation on Impurityâ€“Vacancy Dipoles in KBr Crystals Doped with Strontium(abstract)}",
journal = "\textnormal{physica status solidi (b)}",
volume="\textbf{61}, 579",
date = "1974-02-01",
url = "http://onlinelibrary.wiley.com/doi/10.1002/pssb.2220610223/abstract"
}
