@online{skript,
  author = {TU Dortmund},
  title = {Versuchsanleitung zu Versuch V406: Beugung am Spalt},
  date = {2018-05-06},
  url = {http://129.217.224.2/HOMEPAGE/PHYSIKER/BACHELOR/AP/SKRIPT/V406.pdf}
}
