@manual{skript,
author = {TU Dormund},
title = {Versuchsanleitung zum Versuch 351: Fourier- Analyse und Sythese},
}

}
@online{Schwingungen,
  url = {https://www.bonedo.de/artikel/einzelansicht/synthesizer-und-sounddesign-1-oszillatoren.html},
  title = {Oszillatoren},
  date = {2017-11-18}
}
