@manual{skript,
  author = {TU Dortmund},
  title = {Versuchsanleitung zu Versuch 602: RÃ¶ntgenemission und -absorption},
}

@online{leifi,
title={Energie der $K_{\alpha}$-Linie von Kupfer},
url={https://www.leifiphysik.de/atomphysik/atomarer-energieaustausch/charakteristische-roentgenstrahlung},
}

@online{kbeta,
title={Energie der $K_{\beta}$-Linie von Kupfer},
url={https://www.ld-didactic.de/literatur/hb/d/p6/p6354_d.pdf},
}

@online{alle,
title={Energiewerte der K-Linie der verschiedenen Metalle},
url={http://skuld.bmsc.washington.edu/scatter/AS_periodic.html},
}
