@manual{skript,
  author = {TU Dortmund},
  title = {Versuchsanleitung zum Versuch 308: Spulen und Magnetfelder},

}
