@manual{skript,
author = {TU Dormund},
title = {Versuchsanleitung zum Versuch 301: Leerlaufspannung und Innenwiderstände},
}