@manual{sample,
  author = {TU Dortmund},
  title = {Versuch zum Literaturverzeichnis},
  year = 2014
}
@online{chemie,
  url = {http://www.chemie.de/lexikon/W%C3%A4rmeleitf%C3%A4higkeit.html},
  title = {Wärmeleitfähigkeit},
  date = {2018-01-10}
}
@manual{skript,
  author = {TU Dortmund},
  title = {Versuchsanleitung zum Versuch 204: Wärmeleitung von Metallen},

}
