@manual{skript,
  author = {TU Dortmund},
  title = {Versuchsanleitung zu V16- Rutherford-Streuexperiment},
}

@online{detektor,
    author = {Lexikon der Physik},
    title = {Lexikon der Physik, Oberflächensperrschichtzähler},
    date={2019-10-30},
    url = "https://www.spektrum.de/lexikon/physik/oberflaechensperrschichtzaehler/10568"
}

@online{zerfall,
    title = {Zerfallsschema von Americium},
    date={2019-10-30},
    url="https://i.stack.imgur.com/gDvvN.gif"
}
url = "https://www.uni-potsdam.de/u/phys_gprakt/html/projekte/kernstrahlung/kernstrahlung_20.pdf

@online{drehschieber,
    author = {Pfeiffer Vakuum},
    title = {Aufbau einer Drehschieberpumpe},
    date={2019-11-02},
    url="https://www.pfeiffer-vacuum.com/de/know-how/vakuumerzeugung/drehschiebervakuumpumpen/aufbau-funktionsprinzip/"
}
